<record><leader>00000cas a22000007a 4500</leader><controlfield tag="001">21129542</controlfield><controlfield tag="008">900227d18791884gauir ne      0    0eng d</controlfield><datafield ind1=" " ind2=" " tag="010"><subfield code="a">sn 89053200 </subfield></datafield><datafield ind1=" " ind2=" " tag="040"><subfield code="a">NLG</subfield><subfield code="b">eng</subfield><subfield code="c">NLG</subfield><subfield code="d">GUA</subfield><subfield code="d">OCLCQ</subfield><subfield code="d">OCLCF</subfield><subfield code="d">OCLCO</subfield></datafield><datafield ind1="1" ind2=" " tag="029"><subfield code="a">AU@</subfield><subfield code="b">000020586607</subfield></datafield><datafield ind1=" " ind2=" " tag="042"><subfield code="a">msc</subfield></datafield><datafield ind1=" " ind2=" " tag="043"><subfield code="a">n-us-ga</subfield></datafield><datafield ind1="0" ind2="4" tag="245"><subfield code="a">The Americus recorder tri-weekly.</subfield></datafield><datafield ind1="1" ind2=" " tag="246"><subfield code="i">On Sundays &lt;Dec. 24, 1882&gt;, &lt;Jan. 6, 1884&gt;-Sept. 14, 1884 published as:</subfield><subfield code="a">Americus Sunday recorder</subfield></datafield><datafield ind1="1" ind2="3" tag="246"><subfield code="a">Americus tri-weekly recorder</subfield></datafield><datafield ind1=" " ind2=" " tag="260"><subfield code="a">Americus, Ga. :</subfield><subfield code="b">W.L. Glessner,</subfield><subfield code="c">-[1884]</subfield></datafield><datafield ind1=" " ind2=" " tag="300"><subfield code="a">v.</subfield></datafield><datafield ind1=" " ind2=" " tag="310"><subfield code="a">Three times a week</subfield></datafield><datafield ind1="1" ind2=" " tag="362"><subfield code="a">Began in 1879?</subfield></datafield><datafield ind1="0" ind2=" " tag="362"><subfield code="a">-Sept. 14, 1884.</subfield></datafield><datafield ind1=" " ind2=" " tag="500"><subfield code="a">Title varies slightly.</subfield></datafield><datafield ind1=" " ind2=" " tag="515"><subfield code="a">Not published July 4-9, 1882. Volume and numbering were dropped after May 16, 1884 issue.</subfield></datafield><datafield ind1=" " ind2=" " tag="530"><subfield code="a">Also on microfilm: Athens, Ga. : University of Georgia Libraries.</subfield></datafield><datafield ind1=" " ind2=" " tag="588"><subfield code="a">Description based on: Vol. 3, no. 90 (Dec. 2, 1881).</subfield></datafield><datafield ind1=" " ind2="0" tag="651"><subfield code="a">Americus (Ga.)</subfield><subfield code="v">Newspapers.</subfield></datafield><datafield ind1=" " ind2="0" tag="651"><subfield code="a">Sumter County (Ga.)</subfield><subfield code="v">Newspapers.</subfield></datafield><datafield ind1=" " ind2="7" tag="655"><subfield code="a">Newspapers.</subfield><subfield code="2">fast</subfield><subfield code="0">(OCoLC)fst01423814</subfield></datafield><datafield ind1=" " ind2="7" tag="651"><subfield code="a">Georgia</subfield><subfield code="z">Americus.</subfield><subfield code="2">fast</subfield><subfield code="0">(OCoLC)fst01217176</subfield></datafield><datafield ind1=" " ind2="7" tag="651"><subfield code="a">Georgia</subfield><subfield code="z">Sumter County.</subfield><subfield code="2">fast</subfield><subfield code="0">(OCoLC)fst01216008</subfield></datafield><datafield ind1=" " ind2=" " tag="752"><subfield code="a">United States</subfield><subfield code="b">Georgia</subfield><subfield code="c">Sumter</subfield><subfield code="d">Americus.</subfield></datafield><datafield ind1=" " ind2=" " tag="752"><subfield code="a">United States</subfield><subfield code="b">Georgia</subfield><subfield code="c">Webster</subfield><subfield code="d">Preston.</subfield></datafield><datafield ind1="0" ind2="0" tag="785"><subfield code="t">Americus daily recorder</subfield><subfield code="w">(DLC)sn 89053201</subfield><subfield code="w">(OCoLC)21130212</subfield></datafield></record>